@incollection{getir2015cowolf,
  title={CoWolf--A Generic Framework for Multi-view Co-evolution and Evaluation of Models},
  author={Getir, Sinem and Grunske, Lars and Bernasko, Christian Karl and K{\"a}fer, Verena and Sanwald, Tim and Tichy, Matthias},
  booktitle={Theory and Practice of Model Transformations},
  pages={34--40},
  year={2015},
  publisher={Springer}
}
@article{omg2015meta,
  title={OMG Meta Object Facility (MOF) Core Specification Version 2.5},
  author={Omg},
  journal={Final Adopted Specification (June 2015)},
  year={2015}
}
@inproceedings{france2007model,
  title={Model-driven development of complex software: A research roadmap},
  author={France, Robert and Rumpe, Bernhard},
  booktitle={2007 Future of Software Engineering},
  pages={37--54},
  year={2007},
  organization={IEEE Computer Society}
}
@article{mens2006taxonomy,
  title={A taxonomy of model transformation},
  author={Mens, Tom and Van Gorp, Pieter},
  journal={Electronic Notes in Theoretical Computer Science},
  volume={152},
  pages={125--142},
  year={2006},
  publisher={Elsevier}
}
@article{czarnecki2006feature,
  title={Feature-based survey of model transformation approaches},
  author={Czarnecki, Krzysztof and Helsen, Simon},
  journal={IBM Systems Journal},
  volume={45},
  number={3},
  pages={621--645},
  year={2006},
  publisher={IBM}
}
@incollection{diskin2011model,
  title={Model synchronization: Mappings, tiles, and categories},
  author={Diskin, Zinovy},
  booktitle={Generative and Transformational Techniques in Software Engineering III},
  pages={92--165},
  year={2011},
  publisher={Springer}
}
@incollection{diskin2014towards,
  title={Towards a rational taxonomy for increasingly symmetric model synchronization},
  author={Diskin, Zinovy and Wider, Arif and Gholizadeh, Hamid and Czarnecki, Krzysztof},
  booktitle={Theory and Practice of Model Transformations},
  pages={57--73},
  year={2014},
  publisher={Springer}
}
@article{jouault2008atl,
  title={ATL: A model transformation tool},
  author={Jouault, Fr{\'e}d{\'e}ric and Allilaire, Freddy and B{\'e}zivin, Jean and Kurtev, Ivan},
  journal={Science of computer programming},
  volume={72},
  number={1},
  pages={31--39},
  year={2008},
  publisher={Elsevier}
}
@inproceedings{nickel2000fujaba,
  title={The FUJABA environment},
  author={Nickel, Ulrich and Niere, J{\"o}rg and Z{\"u}ndorf, Albert},
  booktitle={Proceedings of the 22nd international conference on Software engineering},
  pages={742--745},
  year={2000},
  organization={ACM}
}

@incollection{hermann2011correctness,
  title={Correctness of model synchronization based on triple graph grammars},
  author={Hermann, Frank and Ehrig, Hartmut and Orejas, Fernando and Czarnecki, Krzysztof and Diskin, Zinovy and Xiong, Yingfei},
  booktitle={Model Driven Engineering Languages and Systems},
  pages={668--682},
  year={2011},
  publisher={Springer}
}
@inproceedings{xiong2007towards,
  title={Towards automatic model synchronization from model transformations},
  author={Xiong, Yingfei and Liu, Dongxi and Hu, Zhenjiang and Zhao, Haiyan and Takeichi, Masato and Mei, Hong},
  booktitle={Proceedings of the twenty-second IEEE/ACM international conference on Automated software engineering},
  pages={164--173},
  year={2007},
  organization={ACM}
}
@incollection{giese2006incremental,
  title={Incremental model synchronization with triple graph grammars},
  author={Giese, Holger and Wagner, Robert},
  booktitle={Model Driven Engineering Languages and Systems},
  pages={543--557},
  year={2006},
  publisher={Springer}
}
@inproceedings{ivkovic2004tracing,
  title={Tracing evolution changes of software artifacts through model synchronization},
  author={Ivkovic, Igor and Kontogiannis, Kostas},
  booktitle={Software Maintenance, 2004. Proceedings. 20th IEEE International Conference on},
  pages={252--261},
  year={2004},
  organization={IEEE}
}
@incollection{song2011instant,
  title={Instant and incremental QVT transformation for runtime models},
  author={Song, Hui and Huang, Gang and Chauvel, Franck and Zhang, Wei and Sun, Yanchun and Shao, Weizhong and Mei, Hong},
  booktitle={Model Driven Engineering Languages and Systems},
  pages={273--288},
  year={2011},
  publisher={Springer}
}
@book{steinberg2008emf,
  title={EMF: eclipse modeling framework},
  author={Steinberg, Dave and Budinsky, Frank and Merks, Ed and Paternostro, Marcelo},
  year={2008},
  publisher={Pearson Education}
}
@incollection{arendt2010henshin,
  title={Henshin: advanced concepts and tools for in-place EMF model transformations},
  author={Arendt, Thorsten and Biermann, Enrico and Jurack, Stefan and Krause, Christian and Taentzer, Gabriele},
  booktitle={Model Driven Engineering Languages and Systems},
  pages={121--135},
  year={2010},
  publisher={Springer}
}







