@inproceedings{france2007model,
  title={Model-driven development of complex software: A research roadmap},
  author={France, Robert and Rumpe, Bernhard},
  booktitle={2007 Future of Software Engineering},
  pages={37--54},
  year={2007},
  organization={IEEE Computer Society}
}
@article{mens2006taxonomy,
  title={A taxonomy of model transformation},
  author={Mens, Tom and Van Gorp, Pieter},
  journal={Electronic Notes in Theoretical Computer Science},
  volume={152},
  pages={125--142},
  year={2006},
  publisher={Elsevier}
}
@article{czarnecki2006feature,
  title={Feature-based survey of model transformation approaches},
  author={Czarnecki, Krzysztof and Helsen, Simon},
  journal={IBM Systems Journal},
  volume={45},
  number={3},
  pages={621--645},
  year={2006},
  publisher={IBM}
}
@incollection{diskin2011model,
  title={Model synchronization: Mappings, tiles, and categories},
  author={Diskin, Zinovy},
  booktitle={Generative and Transformational Techniques in Software Engineering III},
  pages={92--165},
  year={2011},
  publisher={Springer}
}
@incollection{diskin2014towards,
  title={Towards a rational taxonomy for increasingly symmetric model synchronization},
  author={Diskin, Zinovy and Wider, Arif and Gholizadeh, Hamid and Czarnecki, Krzysztof},
  booktitle={Theory and Practice of Model Transformations},
  pages={57--73},
  year={2014},
  publisher={Springer}
}
@article{jouault2008atl,
  title={ATL: A model transformation tool},
  author={Jouault, Fr{\'e}d{\'e}ric and Allilaire, Freddy and B{\'e}zivin, Jean and Kurtev, Ivan},
  journal={Science of computer programming},
  volume={72},
  number={1},
  pages={31--39},
  year={2008},
  publisher={Elsevier}
}
@inproceedings{nickel2000fujaba,
  title={The FUJABA environment},
  author={Nickel, Ulrich and Niere, J{\"o}rg and Z{\"u}ndorf, Albert},
  booktitle={Proceedings of the 22nd international conference on Software engineering},
  pages={742--745},
  year={2000},
  organization={ACM}
}
@incollection{hermann2011correctness,
  title={Correctness of model synchronization based on triple graph grammars},
  author={Hermann, Frank and Ehrig, Hartmut and Orejas, Fernando and Czarnecki, Krzysztof and Diskin, Zinovy and Xiong, Yingfei},
  booktitle={Model Driven Engineering Languages and Systems},
  pages={668--682},
  year={2011},
  publisher={Springer}
}
@inproceedings{xiong2007towards,
  title={Towards automatic model synchronization from model transformations},
  author={Xiong, Yingfei and Liu, Dongxi and Hu, Zhenjiang and Zhao, Haiyan and Takeichi, Masato and Mei, Hong},
  booktitle={Proceedings of the twenty-second IEEE/ACM international conference on Automated software engineering},
  pages={164--173},
  year={2007},
  organization={ACM}
}
@incollection{giese2006incremental,
  title={Incremental model synchronization with triple graph grammars},
  author={Giese, Holger and Wagner, Robert},
  booktitle={Model Driven Engineering Languages and Systems},
  pages={543--557},
  year={2006},
  publisher={Springer}
}
@inproceedings{ivkovic2004tracing,
  title={Tracing evolution changes of software artifacts through model synchronization},
  author={Ivkovic, Igor and Kontogiannis, Kostas},
  booktitle={Software Maintenance, 2004. Proceedings. 20th IEEE International Conference on},
  pages={252--261},
  year={2004},
  organization={IEEE}
}
@incollection{song2011instant,
  title={Instant and incremental QVT transformation for runtime models},
  author={Song, Hui and Huang, Gang and Chauvel, Franck and Zhang, Wei and Sun, Yanchun and Shao, Weizhong and Mei, Hong},
  booktitle={Model Driven Engineering Languages and Systems},
  pages={273--288},
  year={2011},
  publisher={Springer}
}
@article{kurtev2002technological,
  title={Technological spaces: An initial appraisal},
  author={Kurtev, Ivan and B{\'e}zivin, Jean and Ak{\c{s}}it, Mehmet},
  year={2002}
}
@techreport{greenyer2008tggs,
  title={TGGs for Transforming UML to CSP: Contribution to the AGTIVE 2007 Graph Transformation Tools Contest},
  author={Greenyer, Joel and Kindler, Ekkart and Rieke, Jan and Travkin, Oleg},
  year={2008},
  institution={Department of Computer Science, University of Paderborn Paderborn, Germany}
}
@incollection{heidenreich2010closing,
  title={Closing the gap between modelling and java},
  author={Heidenreich, Florian and Johannes, Jendrik and Seifert, Mirko and Wende, Christian},
  booktitle={Software Language Engineering},
  pages={374--383},
  year={2010},
  publisher={Springer}
}
@book{steinberg2008emf,
  title={EMF: eclipse modeling framework},
  author={Steinberg, Dave and Budinsky, Frank and Merks, Ed and Paternostro, Marcelo},
  year={2008},
  publisher={Pearson Education}
}
@inproceedings{foss2011uml,
  title={From UML to SIMULINK: a Graph Grammar Specification},
  author={Foss, Luciana and Costa, S and Bisi, Nicolas and Brisolara, Lisane and Wagner, Fl{\'a}vio},
  booktitle={14th Brazilian Symposium on Formal Methods: Short Papers},
  pages={37--42},
  year={2011}
}
@incollection{blouin2014synchronization,
  title={Synchronization of Models of Rich Languages with Triple Graph Grammars: An Experience Report},
  author={Blouin, Dominique and Plantec, Alain and Dissaux, Pierre and Singhoff, Frank and Diguet, Jean-Philippe},
  booktitle={Theory and Practice of Model Transformations},
  pages={106--121},
  year={2014},
  publisher={Springer}
}
@inproceedings{giese2010toward,
  title={Toward bridging the gap between formal semantics and implementation of triple graph grammars},
  author={Giese, Holger and Hildebrandt, Stephan and Lambers, Leen},
  booktitle={Model-Driven Engineering, Verification, and Validation (MoDeVVa), 2010 Workshop on},
  pages={19--24},
  year={2010},
  organization={IEEE}
}
@book{heidenreich2009jamopp,
  title={Jamopp: The java model parser and printer},
  author={Heidenreich, Florian and Johannes, Jendrik and Seifert, Mirko and Wende, Christian},
  year={2009},
  publisher={Techn. Univ., Fakult{\"a}t Informatik}
}
@incollection{giese2010model,
  title={Model synchronization at work: keeping SysML and AUTOSAR models consistent},
  author={Giese, Holger and Hildebrandt, Stephan and Neumann, Stefan},
  booktitle={Graph transformations and model-driven engineering},
  pages={555--579},
  year={2010},
  publisher={Springer}
}
@inproceedings{hildebrandt2012mdelab,
  title={The MDELab tool framework for the development of correct model transformations with triple graph grammars},
  author={Hildebrandt, Stephan and Lambers, Leen and Giese, Holger},
  booktitle={Proceedings of the First Workshop on the Analysis of Model Transformations},
  pages={33--34},
  year={2012},
  organization={ACM}
}
@article{hildebrandt2013survey,
  title={A survey of triple graph grammar tools},
  author={Hildebrandt, Stephan and Lambers, Leen and Giese, Holger and Rieke, Jan and Greenyer, Joel and Sch{\"a}fer, Wilhelm and Lauder, Marius and Anjorin, Anthony and Sch{\"u}rr, Andy},
  journal={Electronic Communications of the EASST},
  volume={57},
  year={2013}
}
@article{diskin2016three,
  title={A three-dimensional taxonomy for bidirectional model synchronization},
  author={Diskin, Zinovy and Gholizadeh, Hamid and Wider, Arif and Czarnecki, Krzysztof},
  journal={Journal of Systems and Software},
  volume={111},
  pages={298--322},
  year={2016},
  publisher={Elsevier}
}
@article{mattsson2009linking,
  title={Linking model-driven development and software architecture: a case study},
  author={Mattsson, Anders and Lundell, Bj{\"o}rn and Lings, Brian and Fitzgerald, Brian},
  journal={Software Engineering, IEEE Transactions on},
  volume={35},
  number={1},
  pages={83--93},
  year={2009},
  publisher={IEEE}
}
@book{giese2009efficient,
  title={Efficient model synchronization of large-scale models},
  author={Giese, Holger and Hildebrandt, Stefan},
  number={28},
  year={2009},
  publisher={Universit{\"a}tsverlag Potsdam}
}
@incollection{ehrig2007information,
  title={Information preserving bidirectional model transformations},
  author={Ehrig, Hartmut and Ehrig, Karsten and Ermel, Claudia and Hermann, Frank and Taentzer, Gabriele},
  booktitle={Fundamental Approaches to Software Engineering},
  pages={72--86},
  year={2007},
  publisher={Springer}
}
@article{seidewitz2003models,
  title={What models mean},
  author={Seidewitz, Ed},
  journal={IEEE software},
  number={5},
  pages={26--32},
  year={2003},
  publisher={IEEE}
}